\begin{thebibliography}
@article{kitchenham2002preliminary,
  title={Preliminary guidelines for empirical research in software engineering},
  author={Kitchenham, Barbara A and Pfleeger, Shari Lawrence and Pickard, Lesley M and Jones, Peter W and Hoaglin, David C. and El Emam, Khaled and Rosenberg, Jarrett},
  journal={Software Engineering, IEEE Transactions on},
  volume={28},
  number={8},
  pages={721--734},
  year={2002},
  publisher={IEEE}
}

@article{kitchenham2003principles,
  title={Principles of survey research part 6: data analysis},
  author={Kitchenham, Barbara and Pfleeger, Shari Lawrence},
  journal={ACM SIGSOFT Software Engineering Notes},
  volume={28},
  number={2},
  pages={24--27},
  year={2003},
  publisher={ACM}
}

@article{klein1996challenge,
  title={The challenge of innovation implementation},
  author={Klein, Katherine J and Sorra, Joann Speer},
  journal={Academy of management review},
  volume={21},
  number={4},
  pages={1055--1080},
  year={1996},
  publisher={Academy of Management}
}

@article{orlikowski1997imporvisational,
  title={An Imporvisational Model for Change Managment: The Case of Groupware Technologies},
  author={Orlikowski, W and Hoffman, D},
  journal={Inventing the Organizations of the 21st Century, MIT, Boston, MA},
  pages={265--282},
  year={1997}
}

@book{orlikowski1992changing,
  title={Changing frames: Understanding technological change in organizations},
  author={Orlikowski, Wanda J and Gash, Debra Carol and others},
  year={1992},
  publisher={Center for Information Systems Research, Sloan School of Management, Massachusetts Institute of Technology}
}

@article{weinberg1997quality,
  title={Quality Software Management: Anticipating Change (Vol. 4)},
  author={Weinberg, Gerald M},
  journal={Dorset House, New York},
  year={1997}
}


\end{thebibliography}